<record><leader>00000cas a22000007a 4500</leader><controlfield tag="001">18483769</controlfield><controlfield tag="008">880914c19849999pauwr ne      0   a0eng d</controlfield><datafield ind1=" " ind2=" " tag="010"><subfield code="a">sn 88079473 </subfield></datafield><datafield ind1=" " ind2=" " tag="040"><subfield code="a">NPH</subfield><subfield code="b">eng</subfield><subfield code="c">NPH</subfield><subfield code="d">NSD</subfield><subfield code="d">OCLCQ</subfield></datafield><datafield ind1=" " ind2=" " tag="012"><subfield code="m">1</subfield></datafield><datafield ind1="1" ind2=" " tag="022"><subfield code="a">1041-7087</subfield><subfield code="l">1041-7087</subfield><subfield code="2">1</subfield></datafield><datafield ind1=" " ind2=" " tag="032"><subfield code="a">168020</subfield><subfield code="b">USPS</subfield></datafield><datafield ind1=" " ind2=" " tag="037"><subfield code="b">Independent-Enterprise News, 118 Erie St., Edinboro, PA 16412</subfield></datafield><datafield ind1=" " ind2=" " tag="042"><subfield code="a">msc</subfield><subfield code="a">nsdp</subfield></datafield><datafield ind1=" " ind2="4" tag="222"><subfield code="a">The Independent-enterprise</subfield><subfield code="b">(Edinboro, Pa.)</subfield></datafield><datafield ind1="0" ind2="4" tag="245"><subfield code="a">The Independent-enterprise.</subfield></datafield><datafield ind1="0" ind2="0" tag="246"><subfield code="a">Independent enterprise</subfield></datafield><datafield ind1="1" ind2="3" tag="246"><subfield code="a">Independent-enterprise news</subfield></datafield><datafield ind1=" " ind2=" " tag="260"><subfield code="a">Edinboro, Pa. :</subfield><subfield code="b">Steve Brown,</subfield><subfield code="c">1984-</subfield></datafield><datafield ind1=" " ind2=" " tag="300"><subfield code="a">v. :</subfield><subfield code="b">ill.</subfield></datafield><datafield ind1=" " ind2=" " tag="310"><subfield code="a">Weekly</subfield></datafield><datafield ind1="0" ind2=" " tag="362"><subfield code="a">104th yr., no. 49 (Dec. 5, 1984)-</subfield></datafield><datafield ind1=" " ind2=" " tag="500"><subfield code="a">"Serving Edinboro, McKean and Cambridge Springs."</subfield></datafield><datafield ind1=" " ind2=" " tag="500"><subfield code="a">Issues for &lt;Wednesday, Oct. 26, 1988-&gt; published: Brown-Thompson Newspapers, Inc. : Union City, PA.</subfield></datafield><datafield ind1=" " ind2=" " tag="752"><subfield code="a">United States</subfield><subfield code="b">Pennsylvania</subfield><subfield code="c">Erie</subfield><subfield code="d">Edinboro.</subfield></datafield><datafield ind1=" " ind2=" " tag="752"><subfield code="a">United States</subfield><subfield code="b">Pennsylvania</subfield><subfield code="c">Erie</subfield><subfield code="d">McKean.</subfield></datafield><datafield ind1=" " ind2=" " tag="752"><subfield code="a">United States</subfield><subfield code="b">Pennsylvania</subfield><subfield code="c">Crawford</subfield><subfield code="d">Cambridge Springs.</subfield></datafield><datafield ind1="0" ind2="0" tag="780"><subfield code="a">Independent enterprise news</subfield><subfield code="w">(DLC)sn 88079472</subfield></datafield><datafield ind1=" " ind2=" " tag="936"><subfield code="a">108th year, no. 43 (Wednesday, Oct. 26, 1988) LIC</subfield></datafield></record>